@software{BallArithmetic.jl,
  author = {Ferranti, Luca and Nisoli, Isaia},
  title  = {{BallArithmetic}.jl},
  url    = {https://github.com/JuliaBallArithmetic/BallArithmetic.jl},
  year   = {2023},
}

@article{Qi1984,
  author  = {Qi, Liqun},
  title   = {Some simple estimates for singular values of a matrix},
  journal = {Linear Algebra and its Applications},
  volume  = {56},
  pages   = {105--119},
  year    = {1984},
  doi     = {10.1016/0024-3795(84)90139-5},
}