@Book{Higham1996,
  author    = {Nicholas J. Higham},
  publisher = {Philadelphia, PA: SIAM},
  title     = {Accuracy and Stability of Numerical Algorithms: Second Edition},
  year      = {1996},
  isbn      = {0-89871-355-2},
  doi       = {10.1137/1.9780898718027},
  file      = {:Higham1996 - Accuracy and Stability of Numerical Algorithms_ Second Edition.pdf:PDF},
  keywords  = {65Fxx,15-04,65-02,65G50},
}

@Article{Rump1999,
  author  = {Rump, Siegfried M.},
  journal = {BIT Numerical Mathematics},
  title   = {Fast and Parallel Interval Arithmetic},
  year    = {1999},
  pages   = {534--554},
  volume  = {39},
  doi     = {10.1023/A:1022374804152},
  file    = {:Rump1999 - Fast and Parallel Interval Arithmetic.pdf:PDF:https\://link.springer.com/content/pdf/10.1023/A\:1022374804152.pdf},
}

@Article{Rump2011,
  author  = {Rump, Siegfried M.},
  journal = {BIT Numerical Mathematics},
  title   = {Verified bounds for singular values, in particular for the spectral norm of a matrix and its inverse},
  year    = {2011},
  pages   = {367--384},
  volume  = {51},
  doi     = {10.1007/s10543-010-0294-0},
  file    = {:Rump2011 - Verified Bounds for Singular Values, in Particular For the spectral Norm of a Matrix and Its Inverse.pdf:PDF},
}

@Article{Miyajima2012,
  author   = {Miyajima, Shinya},
  journal  = {Journal of Computational and Applied Mathematics},
  title    = {Numerical enclosure for each eigenvalue in generalized eigenvalue problem},
  year     = {2012},
  issn     = {0377-0427},
  pages    = {2545--2552},
  volume   = {236},
  doi      = {10.1016/j.cam.2011.12.013},
  file     = {:Miyajima2012 - Numerical Enclosure for Each Eigenvalue in Generalized Eigenvalue Problem.pdf:PDF},
  keywords = {65F15},
}

@Article{RevolTheveny2013,
  author  = {Revol, Nathalie and Théveny, Philippe},
  journal = {Reliable Computing},
  title   = {Parallel {Implementation} of {Interval} {Matrix} {Multiplication}},
  year    = {2013},
  pages   = {91},
  volume  = {19},
  file    = {:RevolTheveny2013 - Parallel Implementation of Interval Matrix Multiplication.pdf:PDF},
  url     = {https://inria.hal.science/hal-00801890},
}

@Article{Miyajima2014,
  author     = {Miyajima, Shinya},
  journal    = {Japan Journal of Industrial and Applied Mathematics},
  title      = {Verified bounds for all the singular values of matrix},
  year       = {2014},
  issn       = {0916-7005},
  pages      = {513--539},
  volume     = {31},
  accessdate = {2024-04-08},
  doi        = {10.1007/s13160-014-0145-5},
  file       = {:Miyajima2014 - Verified Bounds for All the Singular Values of Matrix.pdf:PDF:https\://link.springer.com/content/pdf/10.1007/s13160-014-0145-5.pdf},
  keywords   = {65F20,15A18,65F15,65G20},
}

@Article{RumpOishi2024,
  author    = {Rump, Siegfried M. and Oishi, Shin’ichi},
  journal   = {Japan Journal of Industrial and Applied Mathematics},
  title     = {A note on Oishi’s lower bound for the smallest singular value of linearized Galerkin equations},
  year      = {2024},
  issn      = {1868-937X},
  month     = feb,
  number    = {2},
  pages     = {1097--1104},
  volume    = {41},
  doi       = {10.1007/s13160-024-00645-7},
  file      = {:RumpOishi2024 - A Note on Oishi’s Lower Bound for the Smallest Singular Value of Linearized Galerkin Equations.pdf:PDF},
  publisher = {Springer Science and Business Media LLC},


@Comment{jabref-meta: databaseType:bibtex;}

@Comment{jabref-meta: keypatterndefault:[authEtAl][year];}

@Comment{jabref-meta: saveOrderConfig:specified;year;false;author;false;title;false;citationkey;false;}
