@Article{zbMATH06015764,
 Author = {Miyajima, Shinya},
 Title = {Numerical enclosure for each eigenvalue in generalized eigenvalue problem},
 FJournal = {Journal of Computational and Applied Mathematics},
 Journal = {J. Comput. Appl. Math.},
 ISSN = {0377-0427},
 Volume = {236},
 Number = {9},
 Pages = {2545--2552},
 Year = {2012},
 Language = {English},
 DOI = {10.1016/j.cam.2011.12.013},
 Keywords = {65F15},
 zbMATH = {6015764},
 Zbl = {1248.65039}
}

@Article{zbMATH06381256,
 Author = {Miyajima, Shinya},
 Title = {Fast enclosure for all eigenvalues and invariant subspaces in generalized eigenvalue problems},
 FJournal = {SIAM Journal on Matrix Analysis and Applications},
 Journal = {SIAM J. Matrix Anal. Appl.},
 ISSN = {0895-4798},
 Volume = {35},
 Number = {3},
 Pages = {1205--1225},
 Year = {2014},
 Language = {English},
 DOI = {10.1137/140953150},
 Keywords = {65F15,15A42},
 zbMATH = {6381256},
 Zbl = {1307.65044}
}